% ----------------------------------- DISPOZICIJA TEME

@article{musevic-2011-knots,
 author = "U. Tkalec and M. Ravnik and S. Čopar and S. Žumer and I. Muševič",
 title = "Reconfigurable {Knots} and {Links} in {Chiral} {Nematic} {Colloids}",
 journal = "Science",
 volume = "333",
 pages = "62",
 year = "2011",
 url = "http://dx.doi.org/10.1126/science.1205705"
}

@article{beeckman-2016-beam-steerer,
 author = "Oliver Willekens and Xiaoning Jia and Michael Vervaeke and Xiaobing Shang and Tigran Baghdasaryan and Hugo Thienpont and Herbert De Smet and Kristiaan Neyts and Jeroen Beeckman",
 title = "Reflective liquid crystal hybrid beam-steerer",
 journal = "Opt. Express",
 volume = "24",
 pages = "21541",
 year = "2016",
 url = "http://dx.doi.org/10.1364/OE.24.021541"
}

@article{neyts-2014-lc-filter,
 author = "Mohammad Mohammadimasoudi and Jeroen Beeckman and Jungsoon Shin and Keechang Lee and Kristiaan Neyts",
 title = "Widely tunable chiral nematic liquid crystal optical filter with microsecond switching time",
 journal = "Opt. Express",
 volume = "22",
 pages = "19098",
 year = "2014",
 url = "http://dx.doi.org/10.1364/OE.22.019098"
}

@article{neyts-2017-lensing,
 author = "Jeroen Beeckman and Inge Nys and Oliver Willekens and Kristiaan Neyts",
 title = "Optimization of liquid crystal devices based on weakly conductive layers for lensing and beam steering",
 journal = "J. Appl. Phys.",
 volume = "121",
 pages = "023106",
 year = "2017",
 url = "http://dx.doi.org/10.1063/1.4973939"
}

@article{baets-2011-ring-resonators,
 author = "Wout De Cort and Jeroen Beeckman and Tom Claes and Kristiaan Neyts and Roel Baets",
 title = "Wide tuning of silicon-on-insulator ring resonators with a liquid crystal cladding",
 journal = "Opt. Lett.",
 volume = "36",
 pages = "3876",
 year = "2011",
 url = "http://dx.doi.org/10.1364/OL.36.003876"
}

@article{kitzerow-2014-fibres,
  title={Liquid crystal assisted optical fibres},
  author={Wahle, M and Kitzerow, H-S},
  journal={Optics express},
  volume={22},
  number={1},
  pages={262--273},
  year={2014},
  publisher={Optical Society of America}
}

@article{lin-2011-lensing,
  title={A review of electrically tunable focusing liquid crystal lenses},
  author={Lin, Hung-Chun and Chen, Ming-Syuan and Lin, Yi-Hsin},
  journal={Transactions on Electrical and Electronic Materials},
  volume={12},
  number={6},
  pages={234--240},
  year={2011},
  publisher={Lin Hung-Chun; Chen Ming-Syuan; Lin Yi-Hsin}
}

@article{humar-2016-lasing,
 author = "Matjaž Humar and Fumito Araoka and Hideo Takezoe and Igor Muševič",
 title = "Lasing properties of polymerized chiral nematic {Bragg} onion microlasers",
 journal = "Opt. Express",
 volume = "24",
 pages = "19237",
 year = "2016",
 url = "http://dx.doi.org/10.1364/OE.24.019237"
}

@article{yeomans-2013-lc-microfluidics,
 author = "Anupam Sengupta and Uroš Tkalec and Miha Ravnik and Julia Yeomans and Christian Bahr and Stephan Herminghaus",
 title = "Liquid {Crystal} {Microfluidics} for {Tunable} {Flow} {Shaping}",
 journal = "Phys. Rev. Lett.",
 volume = "110",
 pages = "048303",
 year = "2013",
 url = "http://dx.doi.org/10.1103/PhysRevLett.110.048303"
}

@article{zumer-2014-knots,
 author = "David Seč and Simon Čopar and Slobodan Žumer",
 title = "Topological zoo of free-standing knots in confined chiral nematic fluids",
 journal = "Nat. Commun.",
 volume = "5",
 pages = "3057",
 year = "2014",
 url = "http://dx.doi.org/10.1038/ncomms4057"
}

@article{smalyukh-2014-knots,
 author = "Angel Martinez and Miha Ravnik and Brice Lucero and Rayshan Visvanathan and Slobodan Žumer and Ivan I. Smalyukh",
 title = "Mutually tangled colloidal knots and induced defect loops in nematic fields",
 journal = "Nat. Mater.",
 volume = "13",
 pages = "258",
 year = "2014",
 url = "http://dx.doi.org/10.1038/nmat3840"
}

@article{abbott-2013-sensing,
  title={Chemical and biological sensing using liquid crystals},
  author={Carlton, Rebecca J and Hunter, Jacob T and Miller, Daniel S and Abbasi, Reza and Mushenheim, Peter C and Tan, Lie Na and Abbott, Nicholas L},
  journal={Liquid crystals reviews},
  volume={1},
  number={1},
  pages={29--51},
  year={2013},
  publisher={Taylor \& Francis}
}

@article{ravnik-2009-lc-modelling,
 author = "Miha Ravnik and Slobodan Žumer",
 title = "Landau–de {Gennes} modelling of nematic liquid crystal colloids",
 journal = "Liq. Cryst.",
 volume = "36",
 pages = "1201",
 year = "2009",
 url = "http://dx.doi.org/10.1080/02678290903056095"
}

@article{ponsinet-2016-lc-assembly,
 author = "Alexandre Baron and Ashod Aradian and Virginie Ponsinet and Philippe Barois",
 title = "Self-assembled optical metamaterials",
 journal = "Optics and Laser Technology",
 volume = "82",
 pages = "94",
 year = "2016",
 url = "http://dx.doi.org/10.1016/j.optlastec.2016.02.024"
}

@article{shalaev-2007-tunable-lc,
 author = "Xiande Wang and Do-Hoon Kwon and Douglas H. Werner and Iam-Choon Khoo and Alexander V. Kildishev and Vladimir M. Shalaev",
 title = "Tunable optical negative-index metamaterials employing anisotropic liquid crystals",
 journal = "Appl. Phys. Lett.",
 volume = "91",
 pages = "143122",
 year = "2007",
 url = "http://dx.doi.org/10.1063/1.2795345"
}

 @Book{degennes,
 title = {The Physics of Liquid Crystals, Second Edition},
 publisher = {Oxford University Press},
 year = {1995},
 author = {de Gennes, P. G. and Prost, J.},
}

@book{hecht-optics,
  title={Optics},
  author={Hecht, E.},
  isbn={9780805385663},
  lccn={20010325},
  url={http://books.google.si/books?id=7aG6QgAACAAJ},
  year={2002},
  publisher={Addison-Wesley Longman}
}

@article{tanaka-lc-memory-porous,
 author = "Takeaki Araki and Marco Buscaglia and Tommaso Bellini and Hajime Tanaka",
 title = "Memory and topological frustration in nematic liquid crystals confined in porous materials",
 journal = "Nat. Mater.",
 volume = "10",
 pages = "303",
 year = "2011",
 url = "http://dx.doi.org/10.1038/nmat2982"
}

@article{zumer-2006-assembly,
 author = "Igor Muševič and Miha Škarabot and Uroš Tkalec and Miha Ravnik and Slobodan Žumer",
 title = "Two-Dimensional {Nematic} {Colloidal} {Crystals} {Self-Assembled} by {Topological} {Defects}",
 journal = "Science",
 volume = "313",
 pages = "954",
 year = "2006",
 url = "http://dx.doi.org/10.1126/science.1129660"
}

@article{musevic-2013-assembly,
 author = "A. Nych and U. Ognysta and M. Škarabot and M. Ravnik and S. Žumer and I. Muševič",
 title = "Assembly and control of 3D nematic dipolar colloidal crystals",
 journal = "Nat. Commun.",
 volume = "4",
 pages = "1489",
 year = "2013",
 url = "http://dx.doi.org/10.1038/ncomms2486"
}

@article{smalyukh-2009-assembly,
 author = "C. P. Lapointe and T. G. Mason and I. I. Smalyukh",
 title = "Shape-Controlled {Colloidal} {Interactions} in {Nematic} {Liquid} {Crystals}",
 journal = "Science",
 volume = "326",
 pages = "1083",
 year = "2009",
 url = "http://dx.doi.org/10.1126/science.1176587"
}

@article{zumer-2012-colloidal-assembly,
 author = "Jayasri Dontabhaktuni and Miha Ravnik and Slobodan Žumer",
 title = "Shape-tuning the colloidal assemblies in nematic liquid crystals",
 journal = "Soft Matter",
 volume = "8",
 pages = "1657",
 year = "2012",
 url = "http://dx.doi.org/10.1039/c2sm06577k"
}

@article{tartan-2017-dlw,
 author = "C. C. Tartan and P. S. Salter and T. D. Wilkinson and M. J. Booth and S. M. Morris and S. J. Elston",
 title = "Generation of 3-dimensional polymer structures in liquid crystalline devices using direct laser writing",
 journal = "RSC Adv.",
 volume = "7",
 pages = "507",
 year = "2017",
 url = "http://dx.doi.org/10.1039/c6ra25091b"
}

@article{cancula-2016-waveguiding,
 author = "Miha Čančula and Miha Ravnik and Igor Muševič and Slobodan Žumer",
 title = "Liquid microlenses and waveguides from bulk nematic birefringent profiles",
 journal = "Opt. Express",
 volume = "24",
 pages = "22177",
 year = "2016",
 url = "http://dx.doi.org/10.1364/OE.24.022177"
}

@article{kitzerow-2014-lc-fibre,
 author = "M. Wahle and H.-S. Kitzerow",
 title = "Liquid crystal assisted optical fibres",
 journal = "Opt. Express",
 volume = "22",
 pages = "262",
 year = "2014",
 url = "http://dx.doi.org/10.1364/OE.22.000262"
}

@article{zografopoulos-2012-lc-fibre,
 author = "D. C. Zografopoulos and R. Asquini and E. E. Kriezis and A. d'Alessandro and R. Beccherelli",
 title = "Guided-wave liquid-crystal photonics",
 journal = "Lab Chip",
 volume = "12",
 pages = "3598",
 year = "2012",
 url = "http://dx.doi.org/10.1039/c2lc40514h"
}

@article{lavrentovich-2006-lc-neg,
 author = "Oleg P. Pishnyak and Oleg D. Lavrentovich",
 title = "Electrically controlled negative refraction in a nematic liquid crystal",
 journal = "Appl. Phys. Lett.",
 volume = "89",
 pages = "251103",
 year = "2006",
 url = "http://dx.doi.org/10.1063/1.2408658"
}

@article{assanto-2007-nematicons-lc-neg,
 author = "Marco Peccianti and Gaetano Assanto",
 title = "Nematicons across interfaces: anomalous refraction and reflection of solitons in liquid crystals",
 journal = "Opt. Express",
 volume = "15",
 pages = "8021",
 year = "2007",
 url = "http://dx.doi.org/10.1364/OE.15.008021"
}

@article{ozaki-2016-patterned-lc,
 author = "Junji Kobashi and Hiroyuki Yoshida and Masanori Ozaki",
 title = "Planar optics with patterned chiral liquid crystals",
 journal = "Nature Photon.",
 volume = "10",
 pages = "389",
 year = "2016",
 url = "http://dx.doi.org/10.1038/nphoton.2016.66"
}

@article{jacob-2016-all-dielectric,
 author = "Saman Jahani and Zubin Jacob",
 title = "All-dielectric metamaterials",
 journal = "Nat. Nanotechnol.",
 volume = "11",
 pages = "23",
 year = "2016",
 url = "http://dx.doi.org/10.1038/NNANO.2015.304"
}

@article{kivshar-2013-hyperbolic,
 author = "Alexander Poddubny and Ivan Iorsh and Pavel Belov and Yuri Kivshar",
 title = "Hyperbolic metamaterials",
 journal = "Nature Photon.",
 volume = "7",
 pages = "948",
 year = "2013",
 url = "http://dx.doi.org/10.1038/nphoton.2013.243"
}

@article{meinzer-2014-metasurface,
 author = "Nina Meinzer and William L. Barnes and Ian R. Hooper",
 title = "Plasmonic meta-atoms and metasurfaces",
 journal = "Nature Photon.",
 volume = "8",
 pages = "889",
 year = "2014",
 url = "http://dx.doi.org/10.1038/NPHOTON.2014.247"
}

@article{xuan-2013-nanoparticle-lc,
 author = "Dan Jia and Chengliang Yang and Xiaoping Li and Zenghui Peng and Yonggang Liu and Zhaoliang Cao and Quanquan Mu and Lifa Hu and Dayu Li and Lishuang Yao and Xinghai Lu and Xiangjun Xiang and Hongsheng Zhang and Li Xuan",
 title = "Optical hyperbolic metamaterials based on nanoparticles doped liquid crystals",
 journal = "Liq. Cryst.",
 volume = "41",
 pages = "207",
 year = "2013",
 url = "http://dx.doi.org/10.1080/02678292.2013.847126"
}

@article{khoo-2014-nanoparticle-lc,
 author = "G. Pawlik and  K. Tarnowski and  W. Walasik and C. Mitus and I.C. Khoo",
 title = "Liquid crystal hyperbolic metamaterial for wide-angle negative-positive refraction and reflection",
 journal = "Opt. Lett.",
 volume = "39",
 pages = "1744",
 year = "2014"
}

 @article{lavrentovich-2008-gold-nanorods,
 title = {Controllable Side-by-Side and End-to-End Assembly of Au Nanorods by Lyotropic Chromonic Materials},
 journal = "Langmuir",
 volume = "24",
 year = "2008",
 note = "",
 author = "Park, H. and A. Agarwal and Kotov, N. A. and Lavrentovich, O. D.",
} 

 @article{smalyukh-2010-self-alignment,
 title = {Self-Alignment of Plasmonic Gold Nanorods in Rocnfigurable Anisotropic Fluids for Tunable Bulk Metamaterial Applications},
 journal = "Nano Lett.",
 volume = "10",
 year = "2010",
 note = "",
 author = "Liu, Q. and Cui, Y. and Gardner, D. and Li, X. and He, S. and Smalyukh, I. I.",
}

@article{shadrivov-2016-meta-liquid-crystal,
 author = "Mingkai Liu and Kebin Fan and Willie Padilla and David A. Powell and Xin Zhang and Ilya V. Shadrivov",
 title = "Tunable {Meta-Liquid} {Crystals}",
 journal = "Adv. Mater.",
 volume = "28",
 pages = "1553",
 year = "2016",
 url = "http://dx.doi.org/10.1002/adma.201504924"
}

@article{buchnev-2015-lc-mtm-switch,
 author = "Oleksandr Buchnev and Nina Podoliak and Malgosia Kaczmarek and Nikolay I. Zheludev and Vassili A. Fedotov",
 title = "Electrically {Controlled} {Nanostructured} {Metasurface} {Loaded} with {Liquid} {Crystal:} {Toward} {Multifunctional} {Photonic} {Switch}",
 journal = "Adv. Opt. Mater.",
 volume = "3",
 pages = "674",
 year = "2015",
 url = "http://dx.doi.org/10.1002/adom.201400494"
}

@article{goodby-2011-lc-gold-mtm,
 author = "Michael Draper and Isabel M. Saez and Stephen J. Cowling and Pratibha Gai and Benoït Heinrich and Bertrand Donnio and Daniel Guillon and John W. Goodby",
 title = "Self-Assembly and {Shape} {Morphology} of {Liquid} {Crystalline} {Gold} {Metamaterials}",
 journal = "Adv. Funct. Mater.",
 volume = "21",
 pages = "1260",
 year = "2011",
 url = "http://dx.doi.org/10.1002/adfm.201001606"
}

 @article{zhang-2007-lc-mtm-tuning,
 title = {Electrically tunable negative permeability metamaterials based on nematic liquid crystals},
 journal = "Appl. Phys. Lett.",
 volume = "90",
 year = "2007",
 note = "",
 author = "Zhao, Q. and Kang, L. and Du, B. and Zhou, J. and Tang, H. and Liang, X. and Zhang, B.",
}

@article{lavrentovich-2009-nanorods,
  title={Electrically reconfigurable optical metamaterial based on colloidal dispersion of metal nanorods in dielectric fluid},
  author={Golovin, Andrii B and Lavrentovich, Oleg D},
  journal={Applied Physics Letters},
  volume={95},
  number={25},
  pages={254104},
  year={2009},
  publisher={AIP Publishing}
}

 @article{wegener-2011-nature-review,
 title = {Past achievements and future challenges in the development of three-dimensional photonic metamaterials},
 journal = "N. Photon.",
 volume = "5",
 pages = "69 - 77",
 year = "2011",
 note = "",
 author = "Soukoulis, C. M. and Wegener, M.",
}

@article{capasso-2016-metalens,
 author = "M. Khorasaninejad and W. T. Chen and R. C. Devlin and J. Oh and A. Y. Zhu and F. Capasso",
 title = "Metalenses at visible wavelengths: {Diffraction-limited} focusing and subwavelength resolution imaging",
 journal = "Science",
 volume = "352",
 pages = "1190",
 year = "2016",
 url = "http://dx.doi.org/10.1126/science.aaf6644"
}
 
@article{schultz-2000-first-mtm,
 title = {Composite Medium with Simultaneously Negative Permeability and Permittivity},
 journal = "Phys. Rev. Lett.",
 volume = "84",
 year = "2000",
 note = "",
 author = "Smith, D. R. and Padilla, W. J. and Vier, D. C. and Nemat-Nasser, S. C. and Schultz, S.",
} 

@article{zhang-2008-fishnet,
 author = "Jason Valentine and Shuang Zhang and Thomas Zentgraf and Erick Ulin-Avila and Dentcho A. Genov and Guy Bartal and Xiang Zhang",
 title = "Three-dimensional optical metamaterial with a negative refractive index",
 journal = "Nature",
 volume = "455",
 pages = "376",
 year = "2008",
 url = "http://dx.doi.org/10.1038/nature07247"
}

@article{padilla-2012-mtm-absorbers,
 title = {Metamaterial Electromagnetic Wave Absorbers},
 journal = "Adv. Mater.",
 volume = "24",
 year = "2012",
 note = "",
 author = "Watts, C. M. and Liu, X. and Padilla, W. J.",
}  

@article{zhang-2015-skin-cloak,
 author = "X. Ni and Z. J. Wong and M. Mrejen and Y. Wang and X. Zhang",
 title = "An ultrathin invisibility skin cloak for visible light",
 journal = "Science",
 volume = "349",
 pages = "1310",
 year = "2015",
 url = "http://dx.doi.org/10.1126/science.aac9411"
}

@article{capasso-2014-flat-optics-metasurface,
 author = "Nanfang Yu and Federico Capasso",
 title = "Flat optics with designer metasurfaces",
 journal = "Nat. Mater.",
 volume = "13",
 pages = "139",
 year = "2014",
 url = "http://dx.doi.org/10.1038/NMAT3839"
}










% ----------------------------------- ANISO MTM CLANEK


% za mozne refereeje

@article{khoo2014nonlinear,
  title={Nonlinear optics, active plasmonics and metamaterials with liquid crystals},
  author={Khoo, Iam Choon},
  journal={Progress in Quantum Electronics},
  volume={38},
  number={2},
  pages={77--117},
  year={2014},
  publisher={Elsevier}
}

@article{zheng2012effects,
  title={The effects of nanoparticle shape and orientation on the low frequency dielectric properties of nanocomposites},
  author={Zheng, Xiaoyu and Fontana, Jake and Pevnyi, Mykhailo and Ignatenko, Maxim and Wang, Simi and Vaia, Richard and Palffy-Muhoray, Peter},
  journal={Journal of Materials Science},
  volume={47},
  number={12},
  pages={4914--4920},
  year={2012},
  publisher={Springer}
}


@article{tartan2017generation,
  title={Generation of 3-dimensional polymer structures in liquid crystalline devices using direct laser writing},
  author={Tartan, CC and Salter, PS and Wilkinson, TD and Booth, MJ and Morris, SM and Elston, SJ},
  journal={RSC Advances},
  volume={7},
  number={1},
  pages={507--511},
  year={2017},
  publisher={Royal Society of Chemistry}
}

@article{lavrentovich2011liquid,
  title={Liquid crystals, photonic crystals, metamaterials, and transformation optics},
  author={Lavrentovich, Oleg D},
  journal={Proceedings of the National Academy of Sciences},
  volume={108},
  number={13},
  pages={5143--5144},
  year={2011},
  publisher={National Acad Sciences}
}

@article{kitzerow2014photonic,
  title={Photonic Micro-and Nanostructures, Metamaterials},
  author={Kitzerow, Heinz-Siegfried},
  journal={Handbook of Liquid Crystals},
  year={2014},
  publisher={Wiley Online Library}
}

@article{inoue2014nematic,
  title={Nematic liquid crystal nanocomposite with scattering-free, microsecond electro-optic response},
  author={Inoue, Yo and Yoshida, Hiroyuki and Ozaki, Masanori},
  journal={Optical Materials Express},
  volume={4},
  number={5},
  pages={916--923},
  year={2014},
  publisher={Optical Society of America}
}


% HIPERBOLICNI MATERIALI - SPLOSNO


% zgodnji clanki

@article{early-hyperbolic-mtm,
 author = "I. V. Lindell and S. A. Tretyakov and  K. I. Nikoskinen and  S. Ilvonen",
 title = "BW media -- media with negative parameters, capable of supporting backward waves",
 journal = "Microw. Opt. Technol. Lett.",
 volume = "31",
 pages = "129",
 year = "2001"
}

@article{hyperbolic-smith-schurig1,
 author = "D. R. Smith and D. Schurig",
 title = "Electromagnetic {Wave} {Propagation} in {Media} with {Indefinite} {Permittivity} and {Permeability} {Tensors}",
 journal = "Phys. Rev. Lett.",
 volume = "90",
 pages = "077405",
 year = "2003",
 url = "http://dx.doi.org/10.1103/PhysRevLett.90.077405"
}

@article{hyperbolic-smith-schurig2,
 author = "David R. Smith and  Pavel Kolinko and  David Schurig",
 title = "Negative refraction in indefinite media",
 journal = " J. Opt. Soc. Am. B",
 volume = "21",
 pages = "1032",
 year = "2004"
}

@article{early-belov,
 author = "Pavel Belov",
 title = "Backward waves and negative refraction in uniaxial dielectrics with negative dielectric permittivity along the anisotropy axis",
 journal = "Microwave and optical technology letters",
 volume = "37",
 pages = "259",
 year = "2002",
 url = "http://dx.doi.org/10.1002"
}


% type 1

 @article{sablone,
 title = {Optical negative refraction in bulk metamaterials of nanowires},
 journal = "Science",
 volume = "321",
 year = "2008",
 note = "",
 author = "Yao, J. and Liu, Z. W. and Liu, Y. M.and Wang, Y. and  Sun, C. and Bartal, G. and Stacy, A. M. and Zhang, X.",
} 
 
@article{hyperbolic-type-1,
 author = "L. M. Custodio and C. T. Sousa and J. Ventura and J. M. Teixeira and P. V. S. Marques and J. P. Araujo",
 title = "Birefringence swap at the transition to hyperbolic dispersion in metamaterials",
 journal = "Phys. Rev. B",
 volume = "85",
 pages = "165408",
 year = "2012",
 url = "http://dx.doi.org/10.1103/PhysRevB.85.165408"
}
 
@article{hyperbolic-type-1-silver,
 author = "Jyotirmayee Kanungo and Joerg Schilling",
 title = "Experimental determination of the principal dielectric functions in silver nanowire metamaterials",
 journal = "Appl. Phys. Lett.",
 volume = "97",
 pages = "021903",
 year = "2010",
 url = "http://dx.doi.org/10.1063/1.3462311"
}
 
% type 2

@article{first-hyperbolic-layers,
 author = "Anthony J. Hoffman and Leonid Alekseyev and Scott S. Howard and Kale J. Franz and Dan Wasserman and Viktor A. Podolskiy and Evgenii E. Narimanov and Deborah L. Sivco and Claire Gmachl",
 title = "Negative refraction in semiconductor metamaterials",
 journal = "Nat. Mater.",
 volume = "6",
 pages = "946",
 year = "2007",
 url = "http://dx.doi.org/10.1038/nmat2033"
}

@article{type2-mtm-nature,
 author = "Xiaodong Yang and Jie Yao and Junsuk Rho and Xiaobo Yin and Xiang Zhang",
 title = "Experimental realization of three-dimensional indefinite cavities at the nanoscale with anomalous scaling laws",
 journal = "Nature Photon.",
 volume = "6",
 pages = "450",
 year = "2012",
 url = "http://dx.doi.org/10.1038/NPHOTON.2012.124"
}

@article{metal-dielectric-hyperbolic,
 author = "T. Tumkur and G. Zhu and P. Black and Yu. A. Barnakov and C. E. Bonner and M. A. Noginov",
 title = "Control of spontaneous emission in a volume of functionalized hyperbolic metamaterial",
 journal = "Appl. Phys. Lett.",
 volume = "99",
 pages = "151115",
 year = "2011",
 url = "http://dx.doi.org/10.1063/1.3631723"
}


% novejsi clanki

@article{hyperbolic-mtm,
 author = "Vladimir P. Drachev and Viktor A. Podolskiy and Alexander V. Kildishev",
 title = "Hyperbolic metamaterials: new physics behind a classical problem",
 journal = "Opt. Express",
 volume = "21",
 pages = "15048",
 year = "2013",
 url = "http://dx.doi.org/10.1364/OE.21.015048"
}

@article{type1-type2,
 author = "Yu Guo and Ward Newman and Cristian L. Cortes and Zubin Jacob",
 title = "Applications of {Hyperbolic} {Metamaterial} {Substrates}",
 journal = "Advances in OptoElectronics",
 volume = "2012",
 pages = "1",
 year = "2012",
 url = "http://dx.doi.org/10.1155/2012/452502"
}



@article{hyperbolic-refr-law,
 author = "T.M. Grzegorczyk and M. Nikku and Xudong Chen and B.-I. Wu and Jin Au Kong",
 title = "Refraction laws for anisotropic media and their application to left-handed metamaterials",
 journal = "IEEE Trans. Microwave Theory Techn.",
 volume = "53",
 pages = "1443",
 year = "2005",
 url = "http://dx.doi.org/10.1109/TMTT.2005.845206"
}

% to je tisti article, ki se je ze veliko ukvarjal s temo tega clanka
 @article{hyperbolic-gamma,
 title = {Negative refraction in an anisotropic metamaterial with a rotation angle between the principal axis and the planar interface},
 journal = "Progress In Electromagnetics Research",
 volume = "115",
 pages = "257",
 year = "2011",
 note = "",
 author = "Liu, S. H. and Guo, L.",
}


%focusing
@article{nat-commun-focusing,
 author = "Junsuk Rho and Ziliang Ye and Yi Xiong and Xiaobo Yin and Zhaowei Liu and Hyeunseok Choi and Guy Bartal and Xiang Zhang",
 title = "Spherical hyperlens for two-dimensional sub-diffractional imaging at visible frequencies",
 journal = "Nat. Commun.",
 volume = "1",
 pages = "143",
 year = "2010",
 url = "http://dx.doi.org/10.1038/ncomms1148"
}

@article{hyperbolic-interference,
 author = "Satoshi Ishii and Alexander V. Kildishev and Evgenii Narimanov and Vladimir M. Shalaev and Vladimir P. Drachev",
 title = "Sub-wavelength interference pattern from volume plasmon polaritons in a hyperbolic medium",
 journal = "Laser and Photonics Reviews",
 volume = "7",
 pages = "265",
 year = "2013",
 url = "http://dx.doi.org/10.1002/lpor.201200095"
}

@article{hyperbolic-topological,
 author = "H. N. S. Krishnamoorthy and Z. Jacob and E. Narimanov and I. Kretzschmar and V. M. Menon",
 title = "Topological {Transitions} in {Metamaterials}",
 journal = "Science",
 volume = "336",
 pages = "205",
 year = "2012",
 url = "http://dx.doi.org/10.1126/science.1219171"
}

% lifetime engineering
@article{controlling-emission,
 author = "M. A. Noginov and H. Li and Yu. A. Barnakov and Dryden and  G. Nataraj and  G. Zhu and  C. E. Bonner and  M. Mayy and  Z. Jacob and  E. E. Narimanov",
 title = "Controlling spontaneous emission with metamaterials",
 journal = "Opt. Lett.",
 volume = "35",
 pages = "1863",
 year = "2010"
}

@article{hyperlens,
 author = "Zubin Jacob and Leonid V. Alekseyev and Evgenii Narimanov",
 title = "Optical {Hyperlens} : {Far-field} imaging beyond the diffraction limit",
 journal = "Opt. Express",
 volume = "14",
 pages = "8247",
 year = "2006"
}

@article{biosensing,
  title={Plasmonic nanorod metamaterials for biosensing},
  author={Kabashin, AV and Evans, P and Pastkovsky, S and Hendren, W and Wurtz, GA and Atkinson, R and Pollard, R and Podolskiy, VA and Zayats, AV},
  journal={Nature materials},
  volume={8},
  number={11},
  pages={867--871},
  year={2009},
  publisher={Nature Publishing Group}
}















% LC - MTM CLANKI

@article{mtm-metadevices,
 author = "Nikolay I. Zheludev and Yuri S. Kivshar",
 title = "From metamaterials to metadevices",
 journal = "Nat. Mater.",
 volume = "11",
 pages = "917",
 year = "2012",
 url = "http://dx.doi.org/10.1038/NMAT3431"
}












% OSTALO






@article{active-terahertz,
 author = "Hou-Tong Chen and Willie J. Padilla and Joshua M. O. Zide and Arthur C. Gossard and Antoinette J. Taylor and Richard D. Averitt",
 title = "Active terahertz metamaterial devices",
 journal = "Nature",
 volume = "444",
 pages = "597",
 year = "2006",
 url = "http://dx.doi.org/10.1038/nature05343"
}

@article{generalized-refraction-laws,
 author = "N. Yu and P. Genevet and M. A. Kats and F. Aieta and J.-P. Tetienne and F. Capasso and Z. Gaburro",
 title = "Light {Propagation} with {Phase} {Discontinuities:} {Generalized} {Laws} of {Reflection} and {Refraction}",
 journal = "Science",
 volume = "334",
 pages = "333",
 year = "2011",
 url = "http://dx.doi.org/10.1126/science.1210713"
}

@article{hybrid-bilayer,
 author = "F. Qin and L. Ding and L. Zhang and F. Monticone and C. C. Chum and J. Deng and S. Mei and Y. Li and J. Teng and M. Hong and S. Zhang and A. Alu and C.-W. Qiu",
 title = "Hybrid bilayer plasmonic metasurface efficiently manipulates visible light",
 journal = "Science Advances",
 volume = "2",
 pages = "e1501168",
 year = "2016",
 url = "http://dx.doi.org/10.1126/sciadv.1501168"
}



@article{all-dielectric,
 author = "Saman Jahani and Zubin Jacob",
 title = "All-dielectric metamaterials",
 journal = "Nat. Nanotechnol.",
 volume = "11",
 pages = "23",
 year = "2016",
 url = "http://dx.doi.org/10.1038/NNANO.2015.304"
}

@article{all-dielectric-metasurface,
  title={All-dielectric phase-change reconfigurable metasurface},
  author={Karvounis, Artemios and Gholipour, Behrad and MacDonald, Kevin F and Zheludev, Nikolay I},
  journal={arXiv preprint arXiv:1604.01330},
  year={2016}
}

@article{metasurface-cloak,
 author = "Yihao Yang and Liqiao Jing and Bin Zheng and Ran Hao and Wenyan Yin and Erping Li and Costas M. Soukoulis and Hongsheng Chen",
 title = "Full-Polarization 3D {Metasurface} {Cloak} with {Preserved} {Amplitude} and {Phase}",
 journal = "Adv. Mater.",
 year = "2016",
 url = "http://dx.doi.org/10.1002/adma.201600625"
}

@article{quantum-nano,
 author = "C L Cortes and W Newman and S Molesky and Z Jacob",
 title = "Quantum nanophotonics using hyperbolic metamaterials (2012",
 journal = "J. Opt.",
 volume = "16",
 pages = "129501",
 year = "2014",
 url = "http://dx.doi.org/10.1088/2040-8978/16/12/129501"
}

@inproceedings{absorption-engineering,
  title={Broadband absorption engineering of hyperbolic metafilm patterns},
  author={Ji, Dengxin and Song, Haomin and Zeng, Xie and Hu, Haifeng and Liu, Kai and Zhang, Nan and Gan, Qiaoqiang},
  booktitle={CLEO: QELS\_Fundamental Science},
  pages={FM1C--4},
  year={2014},
  organization={Optical Society of America}
}

@article{cancula-FDTD,
  title={Generation of vector beams with liquid crystal disclination lines},
  author={{\v{C}}an{\v{c}}ula, Miha and Ravnik, Miha and {\v{Z}}umer, Slobodan},
  journal={Physical Review E},
  volume={90},
  number={2},
  pages={022503},
  year={2014},
  publisher={APS}
}

@article{fdtd-anisotropic,
  title={A stable FDTD algorithm for non-diagonal, anisotropic dielectrics},
  author={Werner, Gregory R and Cary, John R},
  journal={Journal of Computational Physics},
  volume={226},
  number={1},
  pages={1085--1101},
  year={2007},
  publisher={Elsevier}
}

@article{neg-n-condition,
 author = "Ricardo A. Depine and Akhlesh Lakhtakia",
 title = "A new condition to identify isotropic dielectric-magnetic materials displaying negative phase velocity",
 journal = "Microw. Opt. Technol. Lett.",
 volume = "41",
 pages = "315",
 year = "2004",
 url = "http://dx.doi.org/10.1002/mop.20127"
}

@book{taflove2,
  title={Advances in FDTD Computational Electrodynamics: Photonics and Nanotechnology},
  author={Taflove, A. and  Johnson, S. G. and Oskooi, A.},
  year={2013},
  publisher={Artech House, Norwood}
}


@book{taflove1,
  title={Computational Electrodynamics: The Finite-Difference Time-Domain Method},
  author={Taflove, A. and Hagness, S. C.},
  year={2005},
  publisher={Artech House, Norwood}
}

  
 @article{pogoj-za-nmanj0,
 title = {The negative index of refraction demystified},
 journal = "Eur. J. Phys.",
 volume = "23",
 pages = "353",
 year = "2002",
 note = "",
 doi = "10.1088/0143-0807/23/3/314",
 author = "McCall, M. W. and Lakhtakia, A. and Weiglhofer, W. S.",
}

@article{optical-vortex,
 author = "Yuanmu Yang and Wenyi Wang and Parikshit Moitra and Ivan I. Kravchenko and Dayrl P. Briggs and Jason Valentine",
 title = "Dielectric {Meta-Reflectarray} for {Broadband} {Linear} {Polarization} {Conversion} and {Optical} {Vortex} {Generation}",
 journal = "Nano Lett.",
 volume = "14",
 pages = "1394",
 year = "2014",
 url = "http://dx.doi.org/10.1021/nl4044482"
}
 
 @article{superlens,
 title = {Superlenses to overcome the diffraction limit},
 journal = "Nat. Mater.",
 volume = "7",
 year = "2008",
 note = "",
 author = "Zhang, X. and Liu, Z.",
} 

@article{silver-superlens,
 author = "N. Fang",
 title = "Sub-Diffraction-Limited {Optical} {Imaging} with a {Silver} {Superlens}",
 journal = "Science",
 volume = "308",
 pages = "534",
 year = "2005",
 url = "http://dx.doi.org/10.1126/science.1108759"
}
 

@article{dielectric-cloak,
 author = "Jason Valentine and Jensen Li and Thomas Zentgraf and Guy Bartal and Xiang Zhang",
 title = "An optical cloak made of dielectrics",
 journal = "Nat. Mater.",
 volume = "8",
 pages = "568",
 year = "2009",
 url = "http://dx.doi.org/10.1038/nmat2461"
}
 
 @article{invisibility_cloak,
 title = {Optical cloaking with metamaterials},
 journal = "Nat. Photon",
 volume = "1",
 year = "2007",
 note = "",
 author = "Cai, W. and Chettiar, U. K. and Kildishev, A. V. and Shalaev, V. M.",
} 

@article{cloaking-perspectives,
 author = "Romain Fleury and Francesco Monticone and Andrea Alù",
 title = "Invisibility and {Cloaking:} {Origins,} {Present,} and {Future} {Perspectives}",
 journal = "Phys. Rev. Applied",
 volume = "4",
 pages = "037001",
 year = "2015",
 url = "http://dx.doi.org/10.1103/PhysRevApplied.4.037001"
}


@article{broadband-cloak,
 author = "R. Liu and C. Ji and J. J. Mock and J. Y. Chin and T. J. Cui and D. R. Smith",
 title = "Broadband {Ground-Plane} {Cloak}",
 journal = "Science",
 volume = "323",
 pages = "366",
 year = "2009",
 url = "http://dx.doi.org/10.1126/science.1166949"
}
 

 @article{usage,
 title = {Anisotropic metamaterial devices},
 journal = "Materials Today",
 volume = "12",
 year = "2009",
 note = "",
 author = "Jiang, W. X. and Chin, J. Y. and Cui, T. J.",
}  
 
 
 @article{anantha,
 title = {Physics of negative refractive index materials},
 journal = "Rep. Prog. Phys.",
 volume = "68",
 year = "2005",
 note = "",
 author = "Anantha Ramakrishna, S.",
} 
 
  @article{silver,
 title = {Optical properties of metallic films for vertical-cavity optoelectronic devices},
 journal = "Appl. Optics",
 volume = "37",
 year = "1998",
 note = "",
 author = "Rakic, A. D. and Djurisic, A. B. and Elazar, J. M. and Majewski, M. L.",
} 
 
   @article{pendry_epsilon,
 title = {Extremely Low Frequency Plasmons in Metallic Mesostructures},
 journal = "Phys. Rev. Lett.",
 volume = "76",
 year = "1996",
 note = "",
 author = "Pendry, J. B. and Holden, A. J. and Stewart, W. J. and Youngs, I.",
} 
 
 @article{pendry_mu,
 title = {Magnetism from Conductors and Enhanced Nonlinear Phenomena},
 journal = "IEEE T. Microw. Theory",
 volume = "47",
 year = "1999",
 note = "",
 author = "Pendry, J. B. and Holden, A. J. and Robbins, D. J. and Stewart, W. J.",
} 

@article{perfect-lens,
 author = "J. B. Pendry",
 title = "Negative {Refraction} {Makes} a {Perfect} {Lens}",
 journal = "Phys. Rev. Lett.",
 volume = "85",
 pages = "3966",
 year = "2000",
 url = "http://dx.doi.org/10.1103/PhysRevLett.85.3966"
}


 @article{gruce,
 title = {Design of an artificial three-dimensional composite metamaterial with magnetic resonances in the visible range of the electromagnetic spectrum},
 journal = "Phys. Rev. Lett.",
 volume = "99",
 year = "2007",
 note = "",
 author = "Rockstuhl, C. and Lederer, F. and Etrich, C. and Pertsch, T. and Scharf, T.",
}  


  
 @article{kompoziti,
 title = {Experimental demonstration of isotropic negative permeability in a three-dimensional dielectric composite},
 journal = "Phys. Rev. Lett.",
 volume = "101",
 year = "2008",
 note = "",
 author = "Zhao, Q. and Kang, L. and Du, B. and Zhao, H. and Xie, Q. and Huang, X. and Li, B. and Zhou, J.",
}  

   
 @article{vidno-fishnet,
 title = {Double-negative polarization-independent fishnet metamaterial in the visible spectrum},
 journal = "Opt. Lett.",
 volume = "34",
 year = "2009",
 note = "",
 author = "Garcia-Meca, C. and Ortuno, R. and Rodriguez-Fortuno, F. J. and Marti, J. and Martinez, A.",
} 
 
 
 @article{srrrealisation,
 title = {Experimental Verification of a Negative Index of Refraction},
 journal = "Science",
 volume = "292",
 year = "2001",
 note = "",
 author = "Shelby, R. A. and Smith, D. R. and Schultz, S.",
} 
 

@book{griffiths-electro,
  title={Introduction to Electrodynamics},
  author={Griffiths, D. J.},
  year={2008},
  publisher={Pearson Benjamin Cummings}
}


@book{rudi,
  title={Elektromagnetno polje},
  author={Podgornik, R. and Vilfan, A.},
  year={2012},
  publisher={DMFA -- zaloÅŸniÅ¡tvo}
}


@book{landau-lifsic-optics,
  title = {Electrodynamics of Continuous Media},
  author = {Landau, L. D. and Lif"sic, E. M.},
  publisher = {Butterworth-Heinemann},
  year = {1984},
}







@book{metamaterials,
  title={Metamaterials: Physics and Engineering Explorations},
  author={Engheta, N. and Ziolkowski, R.W.},
  isbn={9780471784180},
  url={http://books.google.si/books?id=51e0UkEuBP4C},
  year={2006},
  publisher={Wiley}
}


@book{hecht-nano,
  title = {Principles of Nano-Optics},
  author = {Novotny, L. and Hecht, B.},
  publisher = {Cambridge University Press},
  year = {2006},
}


 @article{dipol-dipol,
 title = {Coupling Effects in Optical Metamaterials},
 journal = "Angew. Chem. Int. Ed",
 volume = "49",
 year = "2010",
 note = "",
 author = "Liu, N. and Giessen, H.",
} 


 @article{optical,
 title = {Controllable optical negative refraction and phase conjugation in graphite thin films},
 journal = "Nat. Phys.",
 volume = "9",
 year = "2013",
 note = "",
 author = "Harutyunyan, H. and Beams, R. and Novotny, L.",
} 

 @Book{born_metals,
 title = {Principles of Optics, 7th Edition},
 publisher = {Cambridge University Press},
 year = {1999},
 author = {Born, M. and Wolf, E. and Bhatia, A. B.},
}


 @misc{orfanidis,
   author = "Orfanidis, S.",
   title = "Electromagnetic waves and antennas",
   year = "2014",
   url = "http://www.ece.rutgers.edu/~orfanidi/ewa/",
   note = "Na spletu; dostopano 13. 8. 2015"
 }


 @article{anisotropic-mtm,
 title = {Characteristics of electromagnetic wave propagation in uniaxially anisotropic left-handed materials},
 journal = "Phys. Rev. B",
 volume = "66",
 year = "2002",
 note = "",
 author = "Hu, L. and Chui, S. T.",
} 


 @article{veselago,
 title = {The electrodynamics of substances with simultaneously negative values of $\varepsilon$ and $\mu$},
 journal = "Sov. Phys. Uspekhi",
 volume = "10",
 year = "1968",
 note = "",
 author = "Veselago, V. G.",
}


@MastersThesis{magisterij-cancula,
 author = {Miha "Can"cula},
 title = {Modeliranje "sirjenja svetlobe vzdol"z ograjenih teko"cekristalnih defektnih linij},
 school = {Univerza v Ljubljani},
 year = {2013},
}


@MastersThesis{magisterij-aplinc,
 author = {Jure Aplinc},
 title = {Nematska mikrofluidika v kompleksnih mikro-kanalih},
 school = {Univerza v Ljubljani},
 year = {2014},
}


@PhdThesis{copar-phd,
 author = {Simon "Copar},
 title = {Topologija in geometrija defektov v ograjenem nematiku},
 school = {Univerza v Ljubljani},
 year = {2012},
}



 @misc{skica-lc,
   author = {University of Cambridge},
   title = "DoITPoMS - TLP Library Liquid Crystals",
   url = "http://www.doitpoms.ac.uk/tlplib/liquid_crystals/printall.php",
   note = "Na spletu; dostopano 18. 8. 2015"
 }







 
 


@Book{kleman,
 title = {Soft Matter Physics: An Introduction},
 publisher = {Springer},
 year = {2003},
 author = {Kleman, D. and Lavrentovich, O. D.},
}



@misc{ barrett:lc,
   title = " Introduction to Liquid Crystals",
   year = "2013",
   url = "http://barrett-group.mcgill.ca/tutorials/liquid_crystal/LC02.htm",
   note = "Na spletu; dostopano 23. 8. 2013"
 }
 
 @misc{ wiki:brewster,
   author = "Wikipedia",
   title = "Brewster's angle --- Wikipedia{,} The Free Encyclopedia",
   year = "2013",
   url = "https://en.wikipedia.org/wiki/Brewster's_angle",
   note = "Na spletu; dostopano 23. 8. 2013"
 }

 @misc{ wiki:birefringence,
   author = "Wikipedia",
   title = "Birefringence --- Wikipedia{,} The Free Encyclopedia",
   year = "2013",
   url = "https://en.wikipedia.org/wiki/Birefringence",
   note = "Na spletu; dostopano 13. 8. 2015"
 }


@PhdThesis{copar-phd,
 author = {Simon "Copar},
 title = {Topologija in geometrija defektov v ograjenem nematiku},
 school = {Univerza v Ljubljani},
 year = {2012},
}

@MastersThesis{diploma-miha,
 author = {Miha Ravnik},
 title = {Vpliv svetlobnega snopa na koloidne delce v nematiku},
 school = {Univerza v Ljubljani},
 year = {2004},
}


@article{radial-focus,
  author={Dorn, R. and Quabis, S. and Leuchs, G.},
  title={Sharper Focus for a Radially Polarized Light Beam},
  year = {2003},
  journal = {Phys. Rev. Lett.},
  volume = {91},
}


@article{khoo,
 author = "I. C. Khoo and D. H. Werner and X. Liang and A. Diaz and B. Weiner",
 title = "Nanosphere dispersed liquid crystals for tunable negative-zero-positive index of refraction in the optical and terahertz regimes",
 journal = "Opt. Lett.",
 volume = "31",
 pages = "2592",
 year = "2006",
 url = "http://dx.doi.org/10.1364/OL.31.002592"
}


@article{metode-kriezis,
title = "Light wave propagation in liquid crystal displays by the 2-D finite-difference time-domain method ",
journal = "Opt. Commun.",
volume = "177",
pages = "69 - 77",
year = "2000",
note = "",
issn = "0030-4018",
doi = "http://dx.doi.org/10.1016/S0030-4018(00)00595-2",
url = "http://www.sciencedirect.com/science/article/pii/S0030401800005952",
author = "Kriezis, E. E. and Elston, S. J.",
keywords = "Liquid crystal devices",
keywords = "Finite-difference time-domain method",
keywords = "Wave propagation in anisotropic media "
}

